@misc{coumans2016pybullet,
  title={Pybullet, a python module for physics simulation for games, robotics and machine learning},
  author={Coumans, Erwin and Bai, Yunfei},
  year={2016}
}

@online{er_dh_param,
  author = {Elephant Robotics},
  title = {Introduction of product parameters},
  year = 2020,
  url = {https://docs.elephantrobotics.com/docs/gitbook-en/2-serialproduct/2.1-280/2.1.2.1%20Introduction%20of%20product%20parameters.html},
  urldate = {2025-10-02}
}

@article{denavit1955kinematic,
  title={A kinematic notation for lower-pair mechanisms based on matrices},
  author={Denavit, Jacques and Hartenberg, Richard S},
  year={1955},
  publisher={American Society of Mechanical Engineers}
}

@inproceedings{wolovich1984computational,
  title={A computational technique for inverse kinematics},
  author={Wolovich, William A and Elliott, Howard},
  booktitle={The 23rd IEEE Conference on Decision and Control},
  pages={1359--1363},
  year={1984},
  organization={IEEE}
}
